%% This BibTeX bibliography file was created using BibDesk.
%% https://bibdesk.sourceforge.io/

%% Created for Jeffrey Lytle at 2019-03-16 12:59:12 -0700 


%% Saved with string encoding Unicode (UTF-8) 



@webpage{cite-Moir:2009,
	Date-Added = {2019-03-16 12:53:22 -0700},
	Date-Modified = {2019-03-16 12:56:55 -0700},
	Lastchecked = {Mar 16, 2019 at 12:53:52 PM},
	Month = {march},
	Url = {https://docs.microsoft.com/en-us/previous-versions/tn-archive/dd632948(v=technet.10)},
	Year = {2009}}
