%% This BibTeX bibliography file was created using BibDesk.
%% https://bibdesk.sourceforge.io/

%% Created for Jeffrey Lytle at 2019-03-18 19:19:01 -0700 


%% Saved with string encoding Unicode (UTF-8) 



@webpage{random:2019,
	Date-Added = {2019-03-18 19:18:42 -0700},
	Date-Modified = {2019-03-18 19:18:57 -0700},
	Lastchecked = {Mar 18, 2019 at 7:18:53 PM},
	Url = {https://towardsdatascience.com/the-random-forest-algorithm-d457d499ffcd},
	Year = {2019}}

@webpage{logic:2019,
	Date-Added = {2019-03-18 19:07:45 -0700},
	Date-Modified = {2019-03-18 19:08:00 -0700},
	Lastchecked = {Mar 18, 2019 at 7:07:55 PM},
	Url = {https://ml-cheatsheet.readthedocs.io/en/latest/logistic_regression.html},
	Year = {2019}}

@webpage{order:2019,
	Date-Added = {2019-03-18 18:37:00 -0700},
	Date-Modified = {2019-03-18 18:37:32 -0700},
	Lastchecked = {Mar 18, 2019 at 6:37:25 PM},
	Month = {03},
	Url = {https://docs.microsoft.com/en-us/azure/machine-learning/studio/algorithm-choice},
	Year = {2019}}

@webpage{AUC:2018,
	Date-Added = {2019-03-18 13:43:51 -0700},
	Date-Modified = {2019-03-18 13:44:22 -0700},
	Lastchecked = {Mar 18, 2019 at 1:44:15 PM},
	Url = {https://towardsdatascience.com/understanding-auc-roc-curve-68b2303cc9c5},
	Year = {2018}}

@webpage{kaggle:2015,
	Date-Added = {2019-03-18 13:30:50 -0700},
	Date-Modified = {2019-03-18 13:32:27 -0700},
	Lastchecked = {Mar 18, 2019 at 1:32:06 PM},
	Url = {https://www.kaggle.com/c/malware-classification},
	Year = {2015}}

@webpage{cite-Moir:2009,
	Date-Added = {2019-03-16 12:53:22 -0700},
	Date-Modified = {2019-03-16 12:56:55 -0700},
	Lastchecked = {Mar 16, 2019 at 12:53:52 PM},
	Month = {march},
	Url = {https://docs.microsoft.com/en-us/previous-versions/tn-archive/dd632948(v=technet.10)},
	Year = {2009},
	Bdsk-Url-1 = {https://docs.microsoft.com/en-us/previous-versions/tn-archive/dd632948(v=technet.10)}}
